@online{avesoft	,
  author = {AVE~Soft~s.r.o.},
  title = {O nás - AVE Soft.},
  year = 2001,
  url = {https://avesoft.cz/o-nas/},
  urldate = {2018-09-02}
}

@online{avesoftL	,
  author = {AVE~Soft~s.r.o.},
  title = {AVE Soft s.r.o.: Přehled | LinkedIn},
  year = 2001,
  url = {https://www.linkedin.com/company/ave-soft-s-r-o-/},
  urldate = {2018-09-02}
}

@online{mpSpec	,
  author = {Sadayuki Furuhashi},
  title = {MessagePack: It's like JSON. but fast and small.},
  year = 2008,
  url = {https://msgpack.org/},
  urldate = {2018-09-30}
}

@online{mpImpl	,
  author = {Yoshifumi Kawai},
  title = {MessagePack: Extremely Fast MessagePack Serializer for Csharp},
  year = 2017,
  url = {https://github.com/neuecc/MessagePack-CSharp/},
  urldate = {2018-09-30}
}

@online{l4z	,
  author = {Milosz Krajewski},
  title = {l4z: Extremely Fast Compression algorithm.},
  year = 2017,
  url = {https://github.com/lz4/lz4},
  urldate = {2018-09-30}
}

@misc{xaml,
  journal = {Wikipedia: the free encyclopedia},
  title = {Extensible Application Markup Language},
  publisher = {Wikimedia Foundation},
  address = {San Francisco (CA)},
  year = {2001-2020},
  medium = {online},
  accessed = {2020-05-15},
  URL = {https://en.wikipedia.org/wiki/Extensible_Application_Markup_Language},
}

@misc{mvvm,
  journal = {Wikipedia: the free encyclopedia},
  title = {Model–view–viewmodel},
  publisher = {Wikimedia Foundation},
  address = {San Francisco (CA)},
  year = {2001-2020},
  medium = {online},
  accessed = {2020-05-15},
  URL = {https://en.wikipedia.org/wiki/Model\%E2\%80\%93view\%E2\%80\%93viewmodel},
}

@misc{wpf,
  journal = {Wikipedia: the free encyclopedia},
  title = {Windows Presentation Foundation},
  publisher = {Wikimedia Foundation},
  address = {San Francisco (CA)},
  year = {2001-2020},
  medium = {online},
  accessed = {2020-05-15},
  URL = {https://en.wikipedia.org/wiki/Windows_Presentation_Foundation},
}

@misc{RabbitMQ,
  journal = {RabbitMQ},
  title = {RabbitMQ},
  publisher = {Pivotal Software},
  address = {San Francisco (CA)},
  year = {2007-2020},
  medium = {online},
  accessed = {2020-05-15},
  URL = {https://www.rabbitmq.com/},
}





